%% This BibTeX bibliography file was created using BibDesk.
%% http://bibdesk.sourceforge.net/

%% Created for Hans Trautlein at 2015-10-07 11:56:44 -0700 


%% Saved with string encoding Unicode (UTF-8) 



@book{cohen2009party,
	Author = {Cohen, Marty and Karol, David and Noel, Hans and Zaller, John},
	Date-Added = {2015-10-07 02:53:29 +0000},
	Date-Modified = {2015-10-07 02:53:29 +0000},
	Publisher = {University of Chicago Press},
	Title = {The party decides: Presidential nominations before and after reform},
	Year = {2009}}

@inproceedings{Gervais:2014,
	Author = {Gervais, Bryan T and Morris, Irwin L},
	Booktitle = {Green Tea, White Tea, and Coffee: Understanding the Variation in Attachment to the Tea Party Among Members of Congress (August 21, 2014)},
	Date-Added = {2015-10-06 16:38:02 +0000},
	Date-Modified = {2015-10-06 17:19:36 +0000},
	Title = {Black Tea, Green Tea, White Tea, and Coffee: Understanding the variation in attachment to the tea party among members of Congress},
	Year = {2014}}

@article{Steger:2008,
	Author = {Steger, Wayne P},
	Date-Added = {2015-10-06 16:37:50 +0000},
	Date-Modified = {2015-10-06 17:19:36 +0000},
	Journal = {American Politics Research},
	Publisher = {Sage Publications},
	Title = {Interparty differences in elite support for presidential nomination candidates},
	Year = {2008}}

@conference{Manning:2005,
	Author = {Manning, Eric W},
	Booktitle = {State Politics and Policy Conference},
	Date-Added = {2015-10-06 16:37:40 +0000},
	Date-Modified = {2015-10-06 17:21:12 +0000},
	Title = {How Important are Parties in Legislatures? Legislative Behavior in Partisan and Non-Partisan Settings},
	Year = {2005},
	Bdsk-File-1 = {YnBsaXN0MDDUAQIDBAUGJCVYJHZlcnNpb25YJG9iamVjdHNZJGFyY2hpdmVyVCR0b3ASAAGGoKgHCBMUFRYaIVUkbnVsbNMJCgsMDxJXTlMua2V5c1pOUy5vYmplY3RzViRjbGFzc6INDoACgAOiEBGABIAFgAdccmVsYXRpdmVQYXRoWWFsaWFzRGF0YV8QKi4uLy4uLy4uL0RvY3VtZW50cy9QYXBlcnMvTWFubmluZy0yMDA1LnBkZtIXCxgZV05TLmRhdGFPEQF0AAAAAAF0AAIAAAJIRAAAAAAAAAAAAAAAAAAAAAAAAAAAAAAAAADSMzJ1SCsAAAAXQPYQTWFubmluZy0yMDA1LnBkZgAAAAAAAAAAAAAAAAAAAAAAAAAAAAAAAAAAAAAAAAAAAAAAAAAAAAAAAAAAAAAAABdl8dI5UUEAAAAAAAAAAAADAAMAAAkgAAAAAAAAAAAAAAAAAAAABlBhcGVycwAQAAgAANIzlOUAAAARAAgAANI5s7EAAAABABAAF0D2AAaAqwAGgKoABieQAAIAM0hEOlVzZXJzOgBoYW5zOgBEb2N1bWVudHM6AFBhcGVyczoATWFubmluZy0yMDA1LnBkZgAADgAiABAATQBhAG4AbgBpAG4AZwAtADIAMAAwADUALgBwAGQAZgAPAAYAAgBIAEQAEgAsVXNlcnMvaGFucy9Eb2N1bWVudHMvUGFwZXJzL01hbm5pbmctMjAwNS5wZGYAEwABLwAAFQACAAv//wAAgAbSGxwdHlokY2xhc3NuYW1lWCRjbGFzc2VzXU5TTXV0YWJsZURhdGGjHR8gVk5TRGF0YVhOU09iamVjdNIbHCIjXE5TRGljdGlvbmFyeaIiIF8QD05TS2V5ZWRBcmNoaXZlctEmJ1Ryb290gAEACAARABoAIwAtADIANwBAAEYATQBVAGAAZwBqAGwAbgBxAHMAdQB3AIQAjgC7AMAAyAJAAkICRwJSAlsCaQJtAnQCfQKCAo8CkgKkAqcCrAAAAAAAAAIBAAAAAAAAACgAAAAAAAAAAAAAAAAAAAKu}}

@conference{Hasecke:2010,
	Author = {Hasecke, Edward B and Meinke, Scott R and Scott, Kevin M},
	Date-Added = {2015-10-06 16:37:19 +0000},
	Date-Modified = {2015-10-06 17:21:13 +0000},
	Title = {Congressional Superdelegates in the 2008 Election: Power, Constituency, and Uncertainty},
	Year = {2010}}

@article{King:2008,
	Author = {King, Ernest W and Mixon Jr, Franklin G},
	Date-Added = {2015-10-06 16:37:10 +0000},
	Date-Modified = {2015-10-06 17:19:36 +0000},
	Journal = {Atlantic Economic Journal},
	Number = {1},
	Pages = {123--124},
	Publisher = {Springer},
	Title = {Are Disloyal Congressional Cartels Rewarded by Party Leadership?},
	Volume = {36},
	Year = {2008}}

@article{Messing:2012,
	Author = {Messing, Solomon and Westwood, Sean J},
	Date-Added = {2015-10-06 16:14:36 +0000},
	Date-Modified = {2015-10-06 17:19:36 +0000},
	Journal = {Communication Research},
	Pages = {0093650212466406},
	Publisher = {SAGE Publications},
	Title = {Selective exposure in the age of social media: Endorsements trump partisan source affiliation when selecting news online},
	Year = {2012},
	Bdsk-File-1 = {YnBsaXN0MDDUAQIDBAUGJCVYJHZlcnNpb25YJG9iamVjdHNZJGFyY2hpdmVyVCR0b3ASAAGGoKgHCBMUFRYaIVUkbnVsbNMJCgsMDxJXTlMua2V5c1pOUy5vYmplY3RzViRjbGFzc6INDoACgAOiEBGABIAFgAdccmVsYXRpdmVQYXRoWWFsaWFzRGF0YV8QKi4uLy4uLy4uL0RvY3VtZW50cy9QYXBlcnMvTWVzc2luZy0yMDEyLnBkZtIXCxgZV05TLmRhdGFPEQF0AAAAAAF0AAIAAAJIRAAAAAAAAAAAAAAAAAAAAAAAAAAAAAAAAADSMzJ1SCsAAAAXQPYQTWVzc2luZy0yMDEyLnBkZgAAAAAAAAAAAAAAAAAAAAAAAAAAAAAAAAAAAAAAAAAAAAAAAAAAAAAAAAAAAAAAABc/ItI5PqMAAAAAAAAAAAADAAMAAAkgAAAAAAAAAAAAAAAAAAAABlBhcGVycwAQAAgAANIzlOUAAAARAAgAANI5oRMAAAABABAAF0D2AAaAqwAGgKoABieQAAIAM0hEOlVzZXJzOgBoYW5zOgBEb2N1bWVudHM6AFBhcGVyczoATWVzc2luZy0yMDEyLnBkZgAADgAiABAATQBlAHMAcwBpAG4AZwAtADIAMAAxADIALgBwAGQAZgAPAAYAAgBIAEQAEgAsVXNlcnMvaGFucy9Eb2N1bWVudHMvUGFwZXJzL01lc3NpbmctMjAxMi5wZGYAEwABLwAAFQACAAv//wAAgAbSGxwdHlokY2xhc3NuYW1lWCRjbGFzc2VzXU5TTXV0YWJsZURhdGGjHR8gVk5TRGF0YVhOU09iamVjdNIbHCIjXE5TRGljdGlvbmFyeaIiIF8QD05TS2V5ZWRBcmNoaXZlctEmJ1Ryb290gAEACAARABoAIwAtADIANwBAAEYATQBVAGAAZwBqAGwAbgBxAHMAdQB3AIQAjgC7AMAAyAJAAkICRwJSAlsCaQJtAnQCfQKCAo8CkgKkAqcCrAAAAAAAAAIBAAAAAAAAACgAAAAAAAAAAAAAAAAAAAKu}}
