%% This BibTeX bibliography file was created using BibDesk.
%% http://bibdesk.sourceforge.net/

%% Created for Hans Trautlein at 2016-03-15 07:54:45 -0700 


%% Saved with string encoding Unicode (UTF-8) 



@article{MacDonald1987,
	Author = {MacDonald, Stuart Elaine and Rabinowitz, George},
	Date-Added = {2016-03-15 13:27:38 +0000},
	Date-Modified = {2016-03-15 14:54:05 +0000},
	Journal = {American Political Science Review},
	Number = {03},
	Pages = {775--796},
	Publisher = {Cambridge Univ Press},
	Title = {The dynamics of structural realignment},
	Volume = {81},
	Year = {1987}}

@article{Nokken2004,
	Author = {Nokken, Timothy P and Poole, Keith T},
	Date-Added = {2016-03-15 12:45:52 +0000},
	Date-Modified = {2016-03-15 14:54:05 +0000},
	Journal = {Legislative Studies Quarterly},
	Number = {4},
	Pages = {545--568},
	Publisher = {Wiley Online Library},
	Title = {Congressional party defection in American history},
	Volume = {29},
	Year = {2004}}

@article{Grofman2002,
	Author = {Grofman, Bernard and Koetzle, William and McGann, Anthony J},
	Date-Added = {2016-03-15 12:31:32 +0000},
	Date-Modified = {2016-03-15 14:54:05 +0000},
	Journal = {Legislative Studies Quarterly},
	Number = {1},
	Pages = {87--105},
	Publisher = {Wiley Online Library},
	Title = {Congressional Leadership 1965--96: A New Look at the Extremism versus Centrality Debate},
	Volume = {27},
	Year = {2002}}

@article{Clausen1987,
	Author = {Clausen, Aage R and Wilcox, Clyde},
	Date-Added = {2016-03-15 12:20:53 +0000},
	Date-Modified = {2016-03-15 14:54:05 +0000},
	Journal = {Legislative Studies Quarterly},
	Pages = {243--263},
	Publisher = {JSTOR},
	Title = {Policy partisanship in legislative leadership recruitment and behavior},
	Year = {1987}}

@article{Norris1995,
	Author = {Norris, Pippa},
	Date-Added = {2016-03-15 12:16:39 +0000},
	Date-Modified = {2016-03-15 14:54:05 +0000},
	Journal = {Party Politics},
	Number = {1},
	Pages = {29--47},
	Publisher = {Sage Publications},
	Title = {May's Law of Curvilinear Disparity Revisited Leaders, Officers, Members and Voters in British Political Parties},
	Volume = {1},
	Year = {1995}}

@article{Narud1999,
	Author = {Narud, Hanne Marthe and Skare, Audun},
	Date-Added = {2016-03-15 12:15:21 +0000},
	Date-Modified = {2016-03-15 14:54:05 +0000},
	Journal = {Scandinavian Political Studies},
	Number = {1},
	Pages = {45--65},
	Publisher = {Wiley Online Library},
	Title = {Are party activists the party extremists? The structure of opinion in political parties},
	Volume = {22},
	Year = {1999}}

@article{May1973,
	Author = {May, John D},
	Date-Added = {2016-03-15 12:10:16 +0000},
	Date-Modified = {2016-03-15 14:54:05 +0000},
	Journal = {Political studies},
	Number = {2},
	Pages = {135--151},
	Publisher = {Wiley Online Library},
	Title = {Opinion structure of political parties: the special law of curvilinear disparity},
	Volume = {21},
	Year = {1973}}

@article{Harris2008,
	Author = {Harris, Douglas B and Nelson, Garrison},
	Date-Added = {2016-03-15 10:52:02 +0000},
	Date-Modified = {2016-03-15 14:54:05 +0000},
	Journal = {PS: Political Science & Politics},
	Number = {01},
	Pages = {49--55},
	Publisher = {Cambridge Univ Press},
	Title = {Middlemen no more? Emergent patterns in congressional leadership selection},
	Volume = {41},
	Year = {2008}}

@book{Cox2005,
	Author = {Cox, Gary W and McCubbins, Mathew D},
	Date-Added = {2016-03-15 10:39:56 +0000},
	Date-Modified = {2016-03-15 14:54:05 +0000},
	Publisher = {Cambridge University Press},
	Title = {Setting the agenda: Responsible party government in the US House of Representatives},
	Year = {2005}}

@book{Holcombe2006,
	Author = {Holcombe, Randall G},
	Date-Added = {2016-03-15 10:09:49 +0000},
	Date-Modified = {2016-03-15 14:54:05 +0000},
	Publisher = {Prentice Hall},
	Title = {Public sector economics: The role of government in the american economy},
	Year = {2006}}

@inproceedings{Evans1999,
	Author = {Evans, C Lawrence and Oleszek, Walter J},
	Booktitle = {Congress & the Presidency: A Journal of Capital Studies},
	Date-Added = {2016-03-15 09:56:27 +0000},
	Date-Modified = {2016-03-15 14:54:05 +0000},
	Number = {1},
	Organization = {Taylor & Francis},
	Pages = {1--20},
	Title = {The strategic context of congressional party leadership},
	Volume = {26},
	Year = {1999}}

@misc{Sinclair1983,
	Author = {Sinclair, Barbara and Davidson, Roger H and Oleszek, Walter J and Jones, Charles O and Mann, Thomas E and Ornstein, Norman J and Sundquist, James L and Mackaman, Frank H and Cooper, Joseph and Mackenzie, G Calvin},
	Date-Added = {2016-03-15 09:47:57 +0000},
	Date-Modified = {2016-03-15 14:54:05 +0000},
	Publisher = {JSTOR},
	Title = {Purposive Behavior in the US Congress: A Review Essay},
	Year = {1983}}

@article{Rohde1991,
	Author = {Rohde, David W},
	Date-Added = {2016-03-15 09:47:44 +0000},
	Date-Modified = {2016-03-15 14:54:05 +0000},
	Journal = {Chicago, IL: Uni},
	Title = {Parties and leaders in the postreform Congress},
	Year = {1991}}

@article{Jessee2010,
	Author = {Jessee, Stephen and Malhotra, Neil},
	Date-Added = {2016-03-15 09:44:32 +0000},
	Date-Modified = {2016-03-15 14:54:05 +0000},
	Journal = {Legislative Studies Quarterly},
	Keywords = {leaders},
	Number = {3},
	Pages = {361--392},
	Publisher = {Wiley Online Library},
	Title = {Are congressional leaders middlepersons or extremists? Yes},
	Volume = {35},
	Year = {2010}}

@book{Stewart2012,
	Author = {Stewart, Charles Haines},
	Date-Added = {2015-11-24 09:03:00 +0000},
	Date-Modified = {2016-03-15 14:54:05 +0000},
	Publisher = {Norton},
	Title = {Analyzing Congress: The New Institutionalism In American Politics},
	edition = 2,
	Year = {2012}}

@book{Dodd2012,
	Author = {Dodd, Lawrence C and Oppenheimer, Bruce I},
	Date-Added = {2015-11-24 09:02:47 +0000},
	Date-Modified = {2016-03-15 14:54:05 +0000},
	Publisher = {SAGE},
	Title = {Congress reconsidered},
	Year = {2012}}

@book{McCarty2006,
	Author = {McCarty, Nolan and Poole, Keith T and Rosenthal, Howard},
	Date-Added = {2015-11-24 09:01:56 +0000},
	Date-Modified = {2016-03-15 14:54:05 +0000},
	Publisher = {mit Press},
	Title = {Polarized America: The dance of ideology and unequal riches},
	Volume = {5},
	Year = {2006}}

@book{Mayhew2004,
	Author = {Mayhew, David R.},
	Date-Added = {2015-11-24 09:01:44 +0000},
	Date-Modified = {2016-03-15 14:54:05 +0000},
	Edition = {2nd Edition},
	Publisher = {Yale University Press},
	Title = {Congress: The Electoral Connection},
	Year = {2004}}

@book{Brewer2015,
	Author = {Brewer, Mark D and Stonecash, Jeffrey M},
	Date-Added = {2015-11-24 09:00:16 +0000},
	Date-Modified = {2016-03-15 14:54:05 +0000},
	Publisher = {Oxford University Press},
	Title = {Polarization and the Politics of Personal Responsibility},
	Year = {2015}}

@book{Rohde2010,
	Author = {Rohde, David W},
	Publisher = {University of Chicago Press},
	Title = {Parties and leaders in the postreform House},
	Year = {2010}}

@article{Heberlig2006,
	Author = {Heberlig, Eric and Hetherington, Marc and Larson, Bruce},
	Date-Added = {2015-11-24 08:34:19 +0000},
	Date-Modified = {2016-03-15 14:54:05 +0000},
	Journal = {Journal of Politics},
	Number = {4},
	Pages = {992--1005},
	Publisher = {Wiley Online Library},
	Title = {The price of leadership: Campaign money and the polarization of congressional parties},
	Volume = {68},
	Year = {2006}}

@book{Theriault2008,
	Author = {Theriault, Sean M},
	Date-Added = {2015-11-24 08:33:03 +0000},
	Date-Modified = {2016-03-15 14:54:05 +0000},
	Publisher = {Cambridge University Press},
	Title = {Party polarization in congress},
	Year = {2008}}

@article{Poole1991,
	Author = {Poole, Keith T and Rosenthal, Howard},
	Date-Added = {2015-11-24 08:31:01 +0000},
	Date-Modified = {2016-03-15 14:54:05 +0000},
	Journal = {American Journal of Political Science},
	Pages = {228--278},
	Publisher = {JSTOR},
	Title = {Patterns of congressional voting},
	Year = {1991}}

@book{Poole2000,
	Author = {Poole, Keith T and Rosenthal, Howard},
	Date-Added = {2015-11-24 08:30:53 +0000},
	Date-Modified = {2016-03-15 14:54:05 +0000},
	Publisher = {Oxford University Press},
	Title = {Congress: A political-economic history of roll call voting},
	Year = {2000}}

@book{Poole2007,
	Author = {Poole, Keith T and Rosenthal, Howard L},
	Date-Added = {2015-11-24 08:30:32 +0000},
	Date-Modified = {2016-03-15 14:54:05 +0000},
	Keywords = {ideology},
	Publisher = {Transaction Publishers},
	Title = {Ideology and Congress},
	Year = {2007}}

@article{Steinhauer2016,
	Author = {Steinhauer, Jennifer},
	Journal = {The New York Times},
	Title = {Paul Ryan, a Mirage Candidate, Wages a Parallel Campaign},
	Year = {2016}}
	
@article{Enten2015,
	Author = {Enten, Harry},
	Journal = {FiveThirtyEight},
	Title = {What Paul Ryan Has That Kevin McCarthy And John Boehner Don’t},
	Year = {2015}}
	
	
@article{Mann2012,
	Author = {Mann, Thomas E and Ornstein, Norman J},
	Journal = {The Washington Post},
	Title = {Let’s just say it: The Republicans are the problem.},
	Year = {2012}}